@article{Stolterman2008,
 author = {Lim, Youn-Kyung and Stolterman, Erik and Tenenberg, Josh},
 title = {The Anatomy of Prototypes: Prototypes as Filters, Prototypes as
     Manifestations of Design Ideas},
 journal = {ACM Trans. Comput.-Hum. Interact.},
 issue_date = {July 2008},
 volume = {15},
 number = {2},
 month = jul,
 year = {2008},
 issn = {1073-0516},
 pages = {7:1--7:27},
 articleno = {7},
 numpages = {27},
 url = {http://doi.acm.org/10.1145/1375761.1375762},
 doi = {10.1145/1375761.1375762},
 acmid = {1375762},
 publisher = {ACM},
 address = {New York, NY, USA},
 keywords = {Prototype, Design, Design Space, Human-Computer Interaction, HCI, Prototyping},
} 

@book{Benyon2010Designing,
  title={Designing Interactive Systems},
  note={A Comprehensive Guide to HCI and Interaction Design},
  author={Benyon, David},
  isbn={9780321435330},
  lccn={2009045257},
  url={http://books.google.dk/books?id=P923PwAACAAJ},
  year={2010},
  publisher={Addison Wesley}
}

@misc{exproxy,
  author = {Crosson, David},
  title = {Extensible Proxy (Exproxy)},
  url = {http://reuse.pagesperso-orange.fr/exproxy/index.html},
  howpublished = {online at; \url{https://github.com/dacr/exproxy}},
  month = {8},
  year = {2005},
  note = {Published per request}
}

@misc{httpclient,
  author = {Apache Software Foundation, Multiple},
  title = {Apache Commons HttpClient},
  url = {http://hc.apache.org/httpclient-3.x/},
  howpublished = {part of Apache HttpComponents},
}
